@Book{Damasio:0,
    author="Alain Damasio",
    title="La Zone du Dehors",
    publisher="Cylibris",
    year="1999"
}

@Book{Damasio:1,
    author="Alain Damasio",
    title="Le Dehors de toutes chose",
    publisher="La Volte",
    year="2016"
}

@Book{Deleuze:0,
    author="Gilles Deleuze and Félix Guattari",
    title="L'Anti-Œdipe", 
    publisher="Minuit",
    year="1972"
}

@Article{Deleuze:1,
    author="Gilles Deleuze",
    title="Post-scriptum sur les sociétés de contrôle",
    journal="L'autre journal",
    year="1990"
}

@Book{Foucault:0,
    author="Michel Foucault",
    title="Surveiller et punir",
    publisher="Gallimard",
    year="1975"
}

@Book{Klein:0,
    author="Naomi Klein",
    title="No Logo",
    publisher="Actes Sud",
    year="1999"
}

@Book{Marx:0,
    author="Karl Marx",
    title="Manuscrits de 1844",
    publisher="",
    year="1932",
    url="http://www.jcmullen.fr/1844.MP3"
}

@Book{Marx:1,
    author="Karl Marx and Friedreich Engels",
    title="Manifeste du Parti communiste",
    publisher="",
    year="1848"
}

@Book{Moore:0,
    author="Thomas Moore",
    title="Utopia",
    publisher="",
    year="1516"
}

@Book{Negri:0,
    author="Antonio Negri and Michael Hardt",
    title="Empire",
    publisher="Exils",
    year="2000"
}

@Book{Nietzsche:0,
    author="Friedrich Nietzsche",
    title="Ainsi parlait Zarathoustra",
    publisher="",
    year="1883-1885"
}

@Book{Orwell:0,
    author="George Orwell",
    title="1984",
    publisher="Secker and Warburg",
    year="1949"
}

@Book{Pieces:0,
    author="",
    title="RFID : la police totale",
    publisher="Pièces et main d'oeuvre",
    year="2006",
    url="http://www.piecesetmaindoeuvre.com/IMG/pdf/RFID_la_police_totale.pdf"
}

@Book{Rabhi:0,
    author="Pierre Rabhi",
    title="Vers la sobriété heureuse",
    publisher="Babel",
    year="2013"
}